@Book{Borkowski.Przybylski2015,
    title    = {Książka kucharska LaTeX},
    year     = {2015},
    author   = {Marcin Borkowski and Bartłomiej Przybylski},
    publisher = {Springer Wien New York},
}


@Misc{Anaconda,
    author       = {Peter Wang and Travis Oliphant},
    howpublished = {\url{https://www.anaconda.com/download}},
    title        = {{Anaconda}},
    year         = {2012},
}





